@book{sarndal2003model,
  title     = {Model assisted survey sampling},
  author    = {S{\"a}rndal, Carl-Erik and Swensson, Bengt and Wretman, Jan},
  year      = {2003},
  publisher = {Springer Science \& Business Media}
}

@misc{muest2017,
  author    = {Tapia García,Jesús Alberto},
  title     = {{Muestreo Estadístico 1}},
  year      = {2017/18},
  note      = {Facultad de Ciencias: Departamento de Estadística}
}
